@article{larraaga,
  doi = {10.1023/a:1006529012972},
  url = {https://doi.org/10.1023/a:1006529012972},
  year = {1999},
  publisher = {Springer Science and Business Media {LLC}},
  volume = {13},
  number = {2},
  pages = {129--170},
  author = {P. Larra{\~{n}}aga and C.M.H. Kuijpers and R.H. Murga and I. Inza and S. Dizdarevic},
  journal = {Artificial Intelligence Review}
}

@article{imskhan,
  author    = {Hassan Ismkhan and
               Kamran Zamanifar},
  title     = {Study of Some Recent Crossovers Effects on Speed and Accuracy of Genetic
               Algorithm, Using Symmetric Travelling Salesman Problem},
  journal   = {CoRR},
  volume    = {abs/1504.02590},
  year      = {2015},
  url       = {http://arxiv.org/abs/1504.02590},
  archivePrefix = {arXiv},
  eprint    = {1504.02590},
  timestamp = {Mon, 13 Aug 2018 16:46:06 +0200},
  biburl    = {https://dblp.org/rec/bib/journals/corr/IsmkhanZ15},
  bibsource = {dblp computer science bibliography, https://dblp.org}
}

@inproceedings{vahdati,
  doi = {10.1109/socpar.2009.33},
  url = {https://doi.org/10.1109/socpar.2009.33},
  year = {2009},
  publisher = {{IEEE}},
  author = {Gohar Vahdati and Mehdi Yaghoubi and Mahdieh Poostchi and M. B. Naghibi S.},
  title = {A New Approach to Solve Traveling Salesman Problem Using Genetic Algorithm Based on Heuristic Crossover and Mutation Operator},
  booktitle = {2009 International Conference of Soft Computing and Pattern Recognition}
}